@article{analyze2015,
  author  = {Kärkkäinen, A and Saarela, M.},
  journal = {Journal of Educational Data Mining},
  title   = {{Analysing Student Performance using Sparse Data of Core Bachelor Courses}},
  volume  = {7},
  year    = {2015}
}
@article{assign2021chango,
  author  = {Chango, W. and Cerezo, R. and Sanchez-Santillan, M. and Azevedo, R. and Romero, C.},
  journal = {Journal of Computing in Higher Education},
  volume  = {33},
  title   = {{Improving Prediction of Students' Performance in Intelligent Tutoring Systems Using Attribute Selection and Ensembles of Different Multimodal Data Sources}},
  year    = {2021},
  doi     = {10.1007/s12528-021-09298-8},
  pages   = {614-634}
}
@article{assign2021esteban,
  author     = {Esteban, A. and Romero, C. and Zafra, A.},
  journal    = {Applied Sciences},
  title      = {{Assignments as Influential Factor to Improve the Prediction of Student Performance in Online Courses}},
  volume     = {11},
  year       = {2021},
  doi        = {10.3390/app112110145}
}
@article{automl2021,
  author  = {Bosch, N.},
  journal = {Journal of Educational Data Mining},
  title   = {{AutoML Feature Engineering for Student Modeling Yields High Accuracy, but Limited Interpretability}},
  volume  = {13},
  year    = {2021}
}
@article{baycomp,
  title   = {{Bayesian Comparison of Classifiers in Python}},
  author  = {Demsar, J. and Benavoli, A. and Corani, G.},
  journal = {Journal of Machine Learning Research},
  volume  = {12},
  year    = {2018}
}
@article{compare2015,
  author  = {Miller, L. and Soh, L. and Samal, A. and Kupzyk, K. and Nugent, G.},
  journal = {Journal of Educational Data Mining},
  title   = {{A Comparison of Educational Statistics and Data Mining Approaches to Identify Characteristics that Impact Online Learning}},
  volume  = {7},
  year    = {2015}
}
@article{early2019,
  author       = {Chen, W. and Brinton, C. and Cao, D. and Mason-Singh, A. and Lu, C. and Chiang, M.},
  organization = {Institute of Electrical and Electronics Engineers},
  journal      = {Transactions on Learning Technologies},
  title        = {{Early Detection Prediction of Learning Outcomes in Online Short-Courses via Learning Behaviors}},
  volume       = {12},
  year         = {2019}
}
@article{early2021,
  author  = {López-Zambrano, J. and Torralbo, J. and Romero, C.},
  journal = {Psicothema},
  title   = {{Early Prediction of Student Learning Performance Through Data Mining: A Systematic Review}},
  volume  = {33},
  year    = {2021}
}
@article{educate2007,
  author  = {Romero, C. and Ventura, S.},
  journal = {Expert Systems with Applications},
  title   = {{Educational Data Mining: A Survey from 1995 to 2005}},
  volume  = {33},
  year    = {2007},
  doi     = {10.1016/j.eswa.2006.04.005}
}
@article{educate2010,
  author       = {Romero, C. and Ventura, S.},
  organization = {Institute of Electrical and Electronics Engineers},
  journal      = {Transactions on Systems: Man and Cybernetics},
  title        = {{Educational Data Mining: A Review of the State of the Art}},
  volume       = {20},
  year         = {2010},
  doi          = {0.1109/TSMCC.2010.2053532}
}
@article{educate2019,
  author  = {Romero, C. and Ventura, S.},
  journal = {Data Mining and Knowledge Discovery},
  title   = {{Educational Data Mining and Learning Analytics: An Updated Survey}},
  volume  = {10},
  issue   = {3},
  year    = {2019},
  doi     = {10.1002/widm.1355}
}
@article{engage2014,
  author       = {Aguiar, E. and Ambrose, G. and Chawla, N. and Goodrich, V. and Brockman, J.},
  journal      = {Journal of Learning Analytics},
  university   = {University of Notre Dame},
  organization = {Society for Learning Analytics Research},
  title        = {{Engagement vs Performance: Using Electronic Portfolios to Predict First Semester Engineering Student Persistence}},
  volume       = {3},
  year         = {2014}
}
@article{eval2018,
  author       = {Gardner, J. and Brooks, C.},
  organization = {Society for Learning Analytics Research},
  journal      = {Journal of Learning Analytics},
  title        = {{Evaluating Predictive Models of Student Success: Closing the Methodological Gap}},
  volume       = {5},
  year         = {2018}
}
@inproceedings{eval2019,
  author       = {Gardner, J. and Brooks, C. and Baker, R.},
  booktitle    = {International Learning Analytics \& Knowledge Conference},
  title        = {{Evaluating the Fairness of Predictive Student Models Through Slicing Analysis}},
  year         = {2019},
  organization = {Association for Computing Machinery}
}
@article{explore2015,
  author       = {Lowes, S. and Lin, P. and Kinghorn, B.},
  journal      = {Journal of Learning Analytics},
  university   = {Columbia University},
  college      = {Teachers College},
  organization = {Society for Learning Analytics Research},
  title        = {{Exploring the Link between Online Behaviours and Course Performance in Asynchronous Online High School Courses}},
  volume       = {2},
  year         = {2015}
}
@inproceedings{explore2021,
  author    = {Zualkernan, I.},
  booktitle = {International Conference on Cognition and Exploratory Learning in Digital Age},
  volume    = {18},
  title     = {{Exploring Predicting Performance of Engineering Students Using Deep Learning}},
  year      = {2021}
}
@inproceedings{jupyter,
  title        = {Jupyter Notebooks -- a publishing format for reproducible computational workflows},
  author       = {Thomas Kluyver and Benjamin Ragan-Kelley and Fernando P{\'e}rez and Brian Granger and Matthias Bussonnier and Jonathan Frederic and Kyle Kelley and Jessica Hamrick and Jason Grout and Sylvain Corlay and Paul Ivanov and Dami{\'a}n Avila and Safia Abdalla and Carol Willing},
  booktitle    = {Positioning and Power in Academic Publishing: Players, Agents and Agendas},
  editor       = {F. Loizides and B. Schmidt},
  organization = {IOS Press},
  pages        = {87 - 90},
  year         = {2016}
}
@article{numpy,
  title     = {{Array programming with NumPy}},
  author    = {Charles R. Harris and K. Jarrod Millman and St{\'{e}}fan J.
               van der Walt and Ralf Gommers and Pauli Virtanen and David
               Cournapeau and Eric Wieser and Julian Taylor and Sebastian
               Berg and Nathaniel J. Smith and Robert Kern and Matti Picus
               and Stephan Hoyer and Marten H. van Kerkwijk and Matthew
               Brett and Allan Haldane and Jaime Fern{\'{a}}ndez del
               R{\'{i}}o and Mark Wiebe and Pearu Peterson and Pierre
               G{\'{e}}rard-Marchant and Kevin Sheppard and Tyler Reddy and
               Warren Weckesser and Hameer Abbasi and Christoph Gohlke and
               Travis E. Oliphant},
  year      = {2020},
  journal   = {Nature},
  volume    = {585},
  pages     = {357--362},
  doi       = {10.1038/s41586-020-2649-2},
  publisher = {Springer Science and Business Media {LLC}},
  url       = {https://numpy.org/}
}
@misc{oulad,
  author       = {Kuzilek, J. and Hlosta, M. and Zdrahal, Z.},
  journal      = {Scientific Data},
  university   = {The Open University},
  organization = {Knowledge Media Institute},
  title        = {{Open University Learning Analytics Dataset}},
  volume       = {4},
  year         = {2017},
  url          = {https://analyse.kmi.open.ac.uk/open_dataset}
}
@article{pandas,
  author    = {The pandas development team},
  title     = {pandas-dev/pandas: {Pandas}},
  year      = {2020},
  publisher = {Zenodo},
  version   = {latest},
  doi       = {10.5281/zenodo.3509134},
  url       = {https://pandas.pydata.org/}
}
@article{plt,
  author    = {Hunter, J. D.},
  title     = {{Matplotlib: A 2D graphics environment}},
  journal   = {Computing in Science \& Engineering},
  volume    = {9},
  pages     = {90--95},
  abstract  = {Matplotlib is a 2D graphics package used for Python for
               application development, interactive scripting, and publication-quality
               image generation across user interfaces and operating systems.},
  publisher = {IEEE COMPUTER SOC},
  doi       = {10.1109/MCSE.2007.55},
  url       = {https://matplotlib.org/},
  year      = {2007}
}
@misc{postgresql,
  author  = {{The PostgreSQL Global Development Team}},
  title   = {{PostgreSQL}},
  year    = {2023},
  version = {14.6},
  url     = {https://www.postgresql.org/}
}
@misc{psycopg,
  author  = {{The Psycopg Development Team}},
  title   = {Psycopg2},
  year    = {2021},
  version = {latest},
  url     = {https://www.psycopg.org/}
}
@misc{python,
  title     = {{Python}},
  author    = {Van Rossum, Guido and Drake Jr, Fred L},
  year      = {1995},
  publisher = {Python Software Foundation},
  url       = {https://www.python.org/},
  version   = {3.11.0}
}
@article{roc2014,
  author     = {Calì, C. and Longobardi, M.},
  journal    = {Archivio della Ricerca},
  university = {Università degli Studi di Napoli Federico II.},
  title      = {{Some Mathematical Properties of the ROC Curve and their Applications}},
  year       = {2014},
  doi        = {10.1007/s11587-015-0246-8}
}
@article{scipy,
  author  = {Virtanen, Pauli and Gommers, Ralf and Oliphant, Travis E. and
             Haberland, Matt and Reddy, Tyler and Cournapeau, David and
             Burovski, Evgeni and Peterson, Pearu and Weckesser, Warren and
             Bright, Jonathan and {van der Walt}, St{\'e}fan J. and
             Brett, Matthew and Wilson, Joshua and Millman, K. Jarrod and
             Mayorov, Nikolay and Nelson, Andrew R. J. and Jones, Eric and
             Kern, Robert and Larson, Eric and Carey, C J and
             Polat, {\.I}lhan and Feng, Yu and Moore, Eric W. and
             {VanderPlas}, Jake and Laxalde, Denis and Perktold, Josef and
             Cimrman, Robert and Henriksen, Ian and Quintero, E. A. and
             Harris, Charles R. and Archibald, Anne M. and
             Ribeiro, Ant{\^o}nio H. and Pedregosa, Fabian and
             {van Mulbregt}, Paul and SciPy 1.0 Contributors},
  title   = {{SciPy 1.0: Fundamental Algorithms for Scientific
             Computing in Python}},
  journal = {Nature Methods},
  year    = {2020},
  volume  = {17},
  pages   = {261--272},
  url     = {https://www.scipy.org/},
  doi     = {10.1038/s41592-019-0686-2}
}
 @article{sklearn,
  title   = {{scikit-learn: Machine Learning in Python}},
  author  = {Pedregosa, F. and Varoquaux, G. and Gramfort, A. and Michel, V.
             and Thirion, B. and Grisel, O. and Blondel, M. and Prettenhofer, P.
             and Weiss, R. and Dubourg, V. and Vanderplas, J. and Passos, A. and
             Cournapeau, D. and Brucher, M. and Perrot, M. and Duchesnay, E.},
  journal = {Journal of Machine Learning Research},
  volume  = {12},
  pages   = {2825--2830},
  year    = {2011},
  url     = {https://scikit-learn.org/}
}
@article{sns,
  title     = {{Seaborn: Statistical Data Visualization}},
  author    = {Michael L. Waskom},
  year      = {2021},
  publisher = {The Open Journal},
  volume    = {6},
  pages     = {3021},
  doi       = {10.21105/joss.03021},
  url       = {https://seaborn.pydata.org/},
  journal   = {Journal of Open Source Software}
}
@article{stat2017,
  author  = {Corani, G. and Benavoli, A. and Dem\v{s}ar, J. and Mangili, F. and Zaffalon, M.},
  journal = {Machine Learning},
  title   = {{Statistical Comparison of Classifiers through Bayesian Hierarchical Modeling}},
  volume  = {106},
  doi     = {10.1007/s10994-017-5641-9},
  year    = {2017}
}
@article{time2017,
  author  = {Benavoli, A. and Corani, G. and Dem\v{s}ar, J. and Zaffalon, M.},
  journal = {Journal of Machine Learning Research},
  title   = {{Time for a Change: a Tutorial for Comparing Multiple Classifiers Through Bayesian Analysis}},
  volume  = {18},
  year    = {2017}
}
@article{towards2014,
  author  = {Veeramachaneni, K. and O'Reilly, U. and Taylor, C.},
  journal = {1},
  title   = {{Towards Feature Engineering at Scale for Data From Massive Open Online Courses}},
  volume  = {1},
  year    = {2014}
}
@article{why2009,
  author  = {Gelman, A. and Hill, J. and Yajima, M.},
  journal = {Journal of Research on Educational Effectiveness},
  volume  = {5},
  title   = {{Why We Usually Don't Have to Worry About Multiple Comparisons}},
  year    = {2009},
  doi     = {10.48550/arXiv.0907.2478}
}
